2122 3110
623 32 631 37 .
1783 24 1868 112 63

671 111 952 196 Caelum
999 107 1358 204 inscendi·

445 227 585 303 Cui
615 252 790 307 tunc
816 223 1023 305 scalas
1046 224 1521 309 admonemus
1553 287 1578 324 ,

254 338 446 416 Cum
471 333 969 422 descendimus
998 337 1086 417 ad
1109 334 1380 423 inferna
1408 350 1737 426 viuentes
1761 378 1788 426 a

361 454 486 532 An
512 453 687 537 vero
737 483 889 536 non
917 447 1261 535 inscendit
1297 457 1651 572 ignatius,
1793 447 1797 454 ’

78 570 226 662 Qui
253 567 530 648 Caelum
564 601 641 653 vt
674 568 856 650 iusto
886 576 1111 649 etiam
1150 581 1453 654 nomine
1498 587 1888 691 occuparet
1910 634 1939 672 ,

70 681 268 757 Cum
295 683 435 761 Dei
463 685 642 766 Filio
672 744 698 788 ,
730 682 998 762 haerede
1025 684 1244 760 Patris
1268 711 1538 802 nempe
1590 680 1933 803 legitimo

286 811 288 814 ’
629 806 801 901 Inijt
850 803 1339 879 Societatem?

114 905 362 988 Grates
400 939 597 995 nunc
629 907 1030 997 Minoreffae
1084 936 1298 991 antro
1330 922 1631 997 Societas
1658 916 1872 1016 litet:

393 1033 457 1106 Si
481 1056 718 1139 gratus
751 1022 849 1108 est
878 1082 899 1117 ‚
927 1023 1078 1105 litet
1104 1034 1172 1100 &
1211 1029 1533 1106 Mundus
1556 1062 1578 1106 .-

279 1147 450 1220 Suos
501 1140 680 1221 lesus
709 1138 961 1221 habuit
1007 1148 1083 1218 in
1113 1166 1323 1218 antro
1370 1143 1638 1222 natales
1663 1146 1694 1238 ,'
1743 1178 1750 1232 2

616 1264 785 1334 Suos
835 1251 984 1335 Iesu
1033 1257 1342 1331 Societas
1656 1272 1659 1274 ’

433 1375 634 1451 Huic
689 1397 894 1450 antro
943 1369 1157 1453 refert
1183 1394 1514 1446 exortus:

207 1483 366 1560 Pari
423 1511 820 1594 Vtrumque
867 1487 944 1560 in
996 1506 1280 1591 partum
1334 1479 1776 1599 horoscop0,⁴

548 1603 648 1677 Vt
702 1607 771 1672 δέ
820 1592 1000 1672 Iesus
1036 1648 1058 1683 ‚
1107 1601 1178 1667 δέ
1232 1599 1419 1697 Socij

302 1719 560 1795 Vitam
603 1708 851 1821 pariter
899 1705 1132 1796 suam,
1186 1715 1260 1782 δέ
1306 1735 1630 1792 mortem

284 1833 372 1906 In
421 1825 719 1909 salutem
773 1829 1117 1906 omnium
1168 1819 1654 1904 deuouerent:

254 1941 509 2053 Qd?
568 1934 977 2055 portentosa
1026 1929 1341 2014 ferarum
1395 1965 1690 2048 corpora

546 2053 958 2137 Nascuntur
1008 2055 1084 2127 in
1139 2057 1408 2129 antris?

538 2175 633 2251 In‘
681 2176 909 2252 antris
958 2172 1382 2245 moriuntur

364 2291 697 2368 Portenta
758 2288 1118 2366 immania
1171 2285 1514 2360 vitiorum
1550 2342 1565 2359 .

11 2400 96 2479 In
143 2394 627 2510 quibuscum
675 2397 1070 2479 affectuum
1127 2389 1288 2473 fera:
1337 2401 1610 2474 cicures
1670 2391 1849 2479 fiant
1884 2453 1906 2478 .

237 2519 607 2595 Homines
665 2511 800 2629 ipsi
850 2538 1230 2592 mutantur
1279 2516 1358 2589 in
1399 2510 1654 2590 Deos,

1633 2860 1798 2937 IN-
