2122 3110
362 101 398 141 2

316 101 355 161 4
644 175 769 253 An
797 163 970 251 ver&
1002 181 1274 249 nouam
1302 172 1617 278 Ignatius
1648 223 1670 258 ,

413 284 934 394 Diuersamque
965 288 1203 360 viuere
1254 286 1484 359 vitam
1530 283 1879 396 incipiens
1907 333 1932 369 ‚

858 393 1167 476 Iustitiae
1218 392 1463 471 Solem

546 520 683 595 Suo
711 504 925 589 habet
951 516 1029 590 in
1053 506 1250 587 Caelo
1271 506 1771 620 retrogradum
1810 520 1836 585 ἓ

586 668 589 671 ·
626 631 800 738 Qo
851 628 1219 703 nimirum
1253 621 1708 734 regrediente

708 749 775 816 A
805 742 1110 851 Virgine
1139 735 1228 815 ad
1271 737 1600 815 Leonem
1623 793 1644 826 ,

507 848 666 931 Vbi
691 850 845 933 satis
872 880 1115 930 amore
1146 854 1430 932 virtutis
1481 847 1779 929 incaluit
1801 904 1820 939 ,

512 967 615 1045 Vt
647 966 892 1073 aestum
919 993 1276 1079 temperet
1300 1019 1320 1053 ‚
1353 963 1578 1041 nudat
1601 957 1668 1041 se
1696 958 1759 1041 se
1792 1024 1818 1046 .

567 1083 656 1161 Et
686 1110 856 1160 cum
887 1077 1227 1166 Castitate
1250 1073 1336 1157 sit
1361 1077 1707 1157 candidus
1741 1131 1761 1164 ‚

801 1196 1131 1274 Nudatus
1190 1195 1526 1305 pauperie

495 1306 829 1386 Colorari
861 1314 939 1389 in
969 1308 1126 1390 Sole
1177 1311 1439 1418 incipit
1465 1311 1798 1388 Caritatis
1831 1366 1847 1383 .

548 1422 679 1500 Sed
708 1420 993 1500 suarum
1027 1419 1417 1506 munditias
1457 1420 1768 1503 vestium

842 1538 1139 1648 Pauperi
1172 1531 1529 1649 elargitus>

306 1644 553 1726 'sordes
577 1645 729 1761 ipse
785 1648 1177 1730 induendas
1213 1647 1254 1726 εὶ
1288 1676 1599 1761 paupere
1630 1675 2042 1730 mutuatur.

819 1761 1204 1844 Constanti
1236 1770 1526 1844 veritate

511 1882 818 1958 Virtutis
843 1877 1329 1976 mundiffime
1354 1877 1785 1960 modestiam
1818 1934 1836 1966 ‚

419 1998 599 2099 Qae
623 2001 695 2072 in
728 1989 1049 2073 serdibus
1097 2019 1348 2105 putere
1385 2019 1563 2070 tunc
1590 1999 1853 2108 incipit
1879 2050 1899 2084 ‚

507 2113 595 2185 In
624 2105 1001 2212 munditijs
1026 2136 1266 2219 patere
1291 2135 1462 2185 cum
1495 2117 1771 2218 appetit
1791 2165 1809 2200 ‚

563 2224 642 2299 N
651 2229 817 2298 itere
844 2249 1018 2302 tunc
1055 2221 1308 2302 meiius
1340 2275 1365 2309 ,
1395 2232 1467 2299 δε
1490 2220 1712 2304 latere
1736 2281 1761 2315 ‚

819 2342 1015 2415 Cum
1044 2333 1107 2415 se
1137 2334 1201 2415 ie
1248 2365 1447 2421 amat
1468 2396 1490 2431 ‚

447 2447 591 2567 [Vel
638 2449 946 2531 laceram
976 2449 1275 2565 specstari
1307 2510 1329 2545 ,
1364 2456 1477 2535 vel
1511 2455 1787 2538 nudam
1826 2519 1840 2536 .

1817 2890 1973 2967 IN-
